@BOOK{CompPhys, 
AUTHOR="Morten Hiort-Jensen", 
TITLE="Computational Physics",
PUBLISHER="Department of Physics, University of Oslo",
YEAR="2015"
}